% == Own publications ==   ,
% ---- as primary author ---- %/*{{{*/

%% Conference in Prague, Czech Republic, April 17-18, 2013 [issued May 6, 2013]
@inproceedings{dominec2013spie,
  TITLE = {Resonant terahertz response of {TiO}$_{2}$ microspheres},
  AUTHOR = {Dominec, F and Kadlec, C and N{\v{e}}mec, H and Kadlec, F and Yahiaoui, R and Chung, U-C and Elissalde, C and Maglione, M and Mounaix, P and Ku{\v{z}}el, P},
  BOOKTITLE = {SPIE Conference on Metamaterials, Prague (Czech Republic)},
  YEAR = {2013},
  note = {},
  volume = {8771},
  doi = {10.1117/12.2017006},
  URL = {http://dx.doi.org/10.1117/12.2017006},
}

%% Conference in St. Petersburg, August, 2012
@inproceedings{dominec2012terahertz,
  TITLE={Terahertz metamaterials based on resonance in {TiO}$_{2}$ microspheres},
  AUTHOR={Dominec, F and Kadlec, C and N{\v{e}}mec, H and Kadlec, F and Yahiaoui, R and Mounaix, P and Chung, U-Chan and Ku{\v{z}}el, P},
  BOOKTITLE={The 6th International Congress on Advanced Electromagnetic Materials in Microwaves and Optics, St. Petersburg (Russia)},
  YEAR={2012},
  note = {Poster},
}

%% Paper in Opt. Express 2014
@article{dominec2014transition, 
  AUTHOR = {F. Dominec and C. Kadlec and H. N\v{e}mec and P. Ku\v{z}el and F. Kadlec}, 
  TITLE = {Transition between metamaterial and photonic-crystal behavior in arrays of dielectric rods}, 
  JOURNAL = {Opt. Express}, 
  YEAR = {2014},
  keywords = {Metamaterials; Photonic crystals},
  number = {25}, 
  pages = {30492--30503}, 
  publisher = {OSA},
  volume = {22}, 
  month = {Dec},
  url = {http://www.opticsexpress.org/abstract.cfm?URI=oe-22-25-30492},
  doi = {10.1364/OE.22.030492},
}

@inproceedings{,
  TITLE={Transition between metamaterial and photonic-crystal behavior in arrays of dielectric rods},
  AUTHOR={Dominec, F and Kadlec, C and N{\v{e}}mec, H and Ku{\v{z}}el, P and Kadlec, F},
  BOOKTITLE={Nanometa 2015, Seefeld (Austria)},
  YEAR={2015},
  note = {Poster},
}


% YEAR={2014},
% note={()},

%/*}}}*/
% ---- as co-author ---- %/*{{{*/
% April 24–27 (2012) 
@inproceedings{kadlec2012gdr_tignes,
	AUTHOR = {C Kadlec and H N{\v{e}}mec and F Kadlec and F Dominec and R Yahiaoui  and U-C Chung and C Elissalde and M Maglione and P Mounaix and P Ku{\v{z}}el} ,
	TITLE = {Resonant magnetic response of {TiO}$_2$ microspheres terahertz frequencies},
	BOOKTITLE = {GDR-I Workshop, Tignes (France)},
	YEAR = {2012},
	note = {Poster},
}

% Prague, June 17–20 (2012)
@inproceedings{kadlec2012eos_prague,
	AUTHOR = {C Kadlec and H N{\v{e}}mec and F Kadlec and F Dominec and R Yahiaoui  and U-C Chung and C Elissalde and M Maglione and P Mounaix  and P Ku{\v{z}}el},
	TITLE = {Resonant magnetic response of {TiO}$_2$ microspheres at terahertz frequencies}, 
	BOOKTITLE = {EOS Terahertz Science and Technology, Prague (Czech Republic)}, 
	YEAR = {2012},
	note = {Oral presentation}
}

%% Conference in Wollongong, 23-28 Sept. 2012
@inproceedings{kadlec2012tio,
  TITLE={{TiO}$_{2}$ microspheres metamaterials with negative permeability in the terahertz bandwidth},
  AUTHOR={Kadlec, C and N{\v{e}}mec, H and Kadlec, F and Dominec, F and Yahiaoui, R and Chung, U-C and Elissalde, C and Maglione, M and Mounaix, P and Ku{\v{z}}el, P},
  BOOKTITLE={37th International Conference on Infrared, Millimeter, and Terahertz Waves (IRMMW-THz), Wollongong (Australia)},
  YEAR={2012},
  note = {Invited oral presentation},
  organization={IEEE},
  doi = {10.1109/IRMMW-THz.2012.6380098}
}
  
% January 3 - 6 (2013), 
@inproceedings{kadlec2013nanometa_seefeld,
	AUTHOR = {C Kadlec and H N{\v{e}}mec and F Kadlec and F Dominec and P Ku{\v{z}}el and R Yahiaoui and P Mounaix and U-C Chung and C Elissalde and M Maglione},
	TITLE = {Terahertz Metamaterials Based on {TiO}$_2$ Microspheres},
	BOOKTITLE = {Nanometa 2013, Seefeld (Austria)} ,
	YEAR = {2013},
	note = {Oral presentation},
}

% Kyoto (Japan) April 1-5 (2013), 
@inproceedings{kadlec2013otst_kyoto,
	AUTHOR = {C Kadlec and H N{\v{e}}mec and F Dominec and F Kadlec and R Yahiaoui and P Mounaix and U-C Chung and C Elissalde and M Maglione and P Ku{\v{z}}el},
	TITLE = {Terahertz Metamaterials Based on {TiO}$_2$ Microspheres},
	BOOKTITLE = {OTST, Kyoto (Japan)},
	YEAR = {2013},
	note = {Poster},
}

% Prague, April 15-18 (2013), (prepared in Lille on my notebook)
@inproceedings{kadlec2013spie_prague,
	AUTHOR = {C Kadlec and F Dominec and H N{\v{e}}mec and P Ku{\v{z}}el and R Yahiaoui and P Mounaix and U-C Chung and C Elissalde and M Maglione and F Kadlec},
	TITLE = {Terahertz Metamaterials Based on {TiO}$_2$ Microspheres},
	BOOKTITLE = {SPIE Optics + Optoelectronics, Prague (Czech Republic)},
	YEAR = {2013},
	note = {Oral presentation},
}

%% The experiment with bow-tie; a TiO2 sphere observed, but no resonance detected
@article{navarro-cia2013terahertz,
   TITLE = "Terahertz imaging of sub-wavelength particles with Zenneck surface waves",
   AUTHOR = "Navarro-C{\'{i}}a, M and Natrella, M and Dominec, F and Delagnes, J C and Ku{\v{z}}el, P and Mounaix, P and Graham, C and Renaud, C C and Seeds, A J and Mitrofanov, O",
   JOURNAL = "Appl. Phys. Lett.",
   YEAR = "2013",
   volume = "103",
   number = "22", 
   eid = 221103,
   url = "http://scitation.aip.org/content/aip/journal/apl/103/22/10.1063/1.4836195",
   doi = "http://dx.doi.org/10.1063/1.4836195" 
}

% San Francisco, California, United States, December 18, 2013
@inproceedings{mitrofanov2014surface,
	TITLE = {Surface plasmon waves for broadband {THz} spectroscopy},
	AUTHOR = {Mitrofanov, O and Navarro-Cia, M and Mueckstein, R and Natrella, M and Graham, C and Renaud, C C and Seeds, A J and Dominec, F and Ku{\v{z}}el, P and Delagnes, J C and Mounaix, P},
	BOOKTITLE = {SPIE, San Francisco (California, United States)},
	YEAR = {2013},
	volume = {8993},
	number = {},
	pages = {89931B},
	doi = {10.1117/12.2029352},
	URL = {http://dx.doi.org/10.1117/12.2029352},
	eprint = {}
}

% San Jose, California United States, June 8-13, 2014
@inproceedings{navarro-cia2014zenneck, 
	TITLE = {Zenneck {THz} Surface Waves-assisted Imaging of Subwavelength Dielectric Particles}, 
	AUTHOR = {M Navarro-Cia and M Natrella and F Dominec and J-C Delagnes and P Ku{\v{z}}el and P Mounaix and C Graham and C C Renaud and A J Seeds and O Mitrofanov}, 
	BOOKTITLE = {CLEO 2014, San Jose (California, United States)}, 
	YEAR = {2014},
	keywords = {Surface waves; Near-field microscopy; Terahertz imaging},
	publisher = {Optical Society of America},
	url = {http://www.opticsinfobase.org/abstract.cfm?URI=CLEO_SI-2014-STh4F.2},
	abstract = {Electromagnetic Zenneck THz surface waves propagating on a bow-tie antenna are employed for time-resolved near-field imaging of subwavelength-size {SrTiO}$_{3}$ and {TiO}$_{2}$ particles. This approach provides high contrast, high-spatial resolution imaging through enhancing the field-particle interaction.},
}

@article{mitrofanov2014near,
  title={Near-field probing of Mie resonances in single {TiO}$_2$ microspheres at terahertz frequencies},
  author={Mitrofanov, Oleg and Dominec, Filip and Ku{\v{z}}el, Petr and Reno, John L and Brener, Igal and Chung, {U-Chan} and Elissalde, Cathy and Maglione, Mario and Mounaix, Patrick},
  journal={Opt. express},
  volume={22},
  number={19},
  pages={23034--23042},
  year={2014},
  publisher={Optical Society of America}
}
% TODO Optics Express, Vol. 22, Issue 19, pp. 23034-23042 (2014) http://dx.doi.org/10.1364/OE.22.023034




/*}}}*/
% == Sources from our group  ==
% ---- tunability of dielectrics ---- %/*{{{*/
% TODO  GACR grantChristelle
@article{skoromets2011tuning,
  title={Tuning of dielectric properties of {SrTiO}$_3$ in the terahertz range},
  author={Skoromets, V and Kadlec, F and Kadlec, C and N{\v{e}}mec, H and Rychetsky, I and Panaitov, G and M{\"u}ller, V and Fattakhova-Rohlfing, D and Moch, P and Ku{\v{z}}el, P},
  journal={Phys. Rev. B},
  volume={84},
  number={17},
  pages={174121},
  year={2011},
  publisher={APS}
}
%% a defect-mode transmission peak of 1.5% energy transmission appears in the band gap
%% it can be tuned from 173 to 184 GHz by application of electric field (40 kV/cm) to the defect STO layer 
@article{skoromets2013,
  title={Electric-field-tunable defect mode in one-dimensional photonic crystal operating in the terahertz range},
  author={Skoromets, V and N{\v{e}}mec, H and Kadlec, C and Fattakhova-Rohlfing, D and Ku{\v{z}}el, P},
  journal={Applied Physics Letters},
  volume={102},
  number={24},
  pages={241106},
  year={2013},
  publisher={AIP Publishing}
}
/*}}}*/
% ---- magnetic resonators ----/*{{{*/
% STO rods along H-field, 1st resonance is temperature tuned from 0.2 to 0.36 THz
@article{nemec2009tunable,
  title={Tunable terahertz metamaterials with negative permeability},
  author={N{\v{e}}mec, H and Ku{\v{z}}el, P and Kadlec, F and Kadlec, Christelle and Yahiaoui, R and Mounaix, Patrick},
  journal={Phys. Rev. B},
  volume={79},
  number={24},
  pages={241108},
  year={2009},
  publisher={APS}
}
% Three interlaced STO rods along H-field   =>  superposition of 3 resonances  =>  broadband negative permeability
% also shows scans of resonance over thickness and permittivity;	 and H-field shapes (weird)
@article{yahiaoui2009broadband,
  title={Broadband dielectric terahertz metamaterials with negative permeability},
  author={Yahiaoui, Riad and N{\v{e}}mec, H and Ku{\v{z}}el, P and Kadlec, F and Kadlec, C and Mounaix, Patrick},
  journal={Opt. Lett.},
  volume={34},
  number={22},
  pages={3541--3543},
  year={2009},
  publisher={Optical Society of America}
}
% STO rods along H-field, scan over temperature
% scan of resonances f over gap between rods (2nd crosses 3rd mode for w > 1.5t)
% at the last section, review of "three types of rods"
% !! shares resonance curves with nemec2009; shares triple resonance with yahiaoui2009
% title={Tunable {THz} metamaterials based on an array of paraelectric {SrTiO}$_{3}$ rods},
@article{yahiaoui2011tunable,
  title={Tunable {THz} metamaterials based on an array of paraelectric {SrTiO}$_3$ rods},
  author={Yahiaoui, Riad and N{\v{e}}mec, H and Ku{\v{z}}el, P and Kadlec, F and Kadlec, C and Mounaix, Patrick},
  journal={Appl. Phys. A},
  volume={103},
  number={3},
  pages={689--692},
  year={2011},
  publisher={Springer}
}
% SEM image of spheres, Hynek's method, 
% experimental permittivity and permeability (three samples)
%		(the permittivity curve is weird maybe due to asymmetry)
@article{nemec2012resonant,
  title={Resonant magnetic response of {TiO}$_{2}$ microspheres at terahertz frequencies},
  author={N{\v{e}}mec, H and Kadlec, C and Kadlec, F and Ku{\v{z}}el, P and Yahiaoui, Riad and Chung, U-C and Elissalde, Catherine and Maglione, Mario and Mounaix, Patrick},
  journal={Appl. Phys. Lett.},
  volume={100},
  number={6},
  pages={061117--061117},
  year={2012},
  publisher={AIP}
}
% SEM image of spheres, Hynek's method, 
% experimental permittivity and permeability (one sample "40-50")
@article{yahiaoui2012,
  title={{TiO}$_{2}$ microsphere-based metamaterials exhibiting effective magnetic response in the terahertz regime},
  author={Yahiaoui, Riad and N{\v{e}}mec, H and Kadlec, C and Kadlec, F and Ku{\v{z}}el, P and Chung, U-C and Elissalde, Catherine and Maglione, Mario and Mounaix, Patrick},
  journal={Appl. Phys. A},
  volume={109},
  number={4},
  pages={891--894},
  year={2012},
  publisher={Springer}
}
% My poster on SPIE conference
@inproceedings{dominec2013resonant,
  title={Resonant terahertz response of {TiO}$_2$ microspheres},
  author={Dominec, F and Kadlec, C and N{\v{e}}mec, H and Kadlec, F and Yahiaoui, R and Chung, U-C and Elissalde, C and Maglione, M and Mounaix, P and Ku{\v{z}}el, P},
  booktitle={SPIE Optics+ Optoelectronics},
  pages={87710L},
  year={2013},
  organization={International Society for Optics and Photonics}
}
@article{yannopapas2005negative,
  title={Negative refractive index metamaterials from inherently non-magnetic materials for deep infrared to terahertz frequency ranges},
  author={Yannopapas, Vassilios and Moroz, Alexander},
  journal={J. Phys.: Condens. Matter},
  volume={17},
  number={25},
  pages={3717},
  year={2005},
  publisher={IOP Publishing}
}
/*}}}*/
% ---- other ----/*{{{*/
/*}}}*/
% % == Sources metamaterial theory ==
%  -- books --/*{{{*/
@book{jackson1962book,
  title={Classical electrodynamics},
  author={Jackson, John David},
  volume={3},
  year={1962},
  publisher={Wiley New York etc.}
}
@book{born1999book,
  title={Principles of optics: electromagnetic theory of propagation, interference and diffraction of light},
  author={Born, Max and Wolf, Emil},
  year={1999},
  publisher={CUP Archive}
}

@book{eleftheriades2005book,
  title={Negative-refraction metamaterials: fundamental principles and applications},
  author={Eleftheriades, George V and Balmain, Keith G},
  year={2005},
  publisher={John Wiley \& Sons}
}
@book{engheta2006book,
  title={Metamaterials: physics and engineering explorations},
  author={Engheta, Nader and Ziolkowski, Richard W},
  year={2006},
  publisher={John Wiley \& Sons}
}
@book{noginov2011book,
  title={Tutorials in metamaterials},
  author={Noginov, Mikhail A and Podolskiy, Viktor A},
  year={2011},
  publisher={CRC Press}
}
@book{krowne2007book,
  title={Physics of negative refraction and negative index materials: optical and electronic aspects and diversified approaches},
  author={Krowne, Clifford M and Zhang, Yong},
  volume={98},
  year={2007},
  publisher={Springer}
}
@book{capolino2009book,
  title={Theory and phenomena of metamaterials},
  author={Capolino, Filippo},
  year={2009},
  publisher={CRC Press}
}

/*}}}*/
%  -- generic theory --/*{{{*/
@article{pendry1996extremely,
  title={Extremely low frequency plasmons in metallic mesostructures},
  author={Pendry, JB and Holden, AJ and Stewart, WJ and Youngs, I},
  journal={Phys. Rev. Lett.},
  volume={76},
  number={25},
  pages={4773},
  year={1996},
  publisher={APS}
}
@article{maslovski2002wire,
  title={Wire media with negative effective permittivity: A quasi-static model},
  author={Maslovski, SI and Tretyakov, SA and Belov, PA},
  journal={Microw. Opt. Techn. Let.},
  volume={35},
  number={1},
  pages={47--51},
  year={2002},
  publisher={Wiley Online Library}
}
@article{obrien2002photonic,
  title={Photonic band-gap effects and magnetic activity in dielectric composites},
  author={O'Brien, Stephen and Pendry, John B},
  journal={J. Phys.: Condens. Matter},
  volume={14},
  number={15},
  pages={4035},
  year={2002},
  publisher={IOP Publishing}
}
@article{koschny2003resonant,
  title={Resonant and antiresonant frequency dependence of the effective parameters of metamaterials},
  author={Koschny, Th and Marko{\v{s}}, P and Smith, DR and Soukoulis, CM},
  journal={Phys. Rev. E},
  volume={68},
  number={6},
  pages={065602},
  year={2003},
  publisher={APS}
}
/*}}}*/
%  -- homogenisation -- /*{{{*/
@article{nicolson1970measurement,
  title={Measurement of the intrinsic properties of materials by time-domain techniques},
  author={Nicolson, AM and Ross, GF},
  journal={Instrumentation and Measurement, IEEE Transactions on},
  volume={19},
  number={4},
  pages={377--382},
  year={1970},
  publisher={IEEE}
}
@article{weir1974automatic,
  title={Automatic measurement of complex dielectric constant and permeability at microwave frequencies},
  author={Weir, William B},
  journal={Proceedings of the IEEE},
  volume={62},
  number={1},
  pages={33--36},
  year={1974},
  publisher={IEEE}
}

@article{smith2002determination, 
  title={Determination of effective permittivity and permeability of metamaterials from reflection and transmission coefficients},
  author={Smith, DR and Schultz, S and Marko{\v{s}}, P and Soukoulis, CM},
  journal={Phys. Rev. B},
  volume={65},
  number={19},
  pages={195104},
  year={2002},
  publisher={APS}
}
@article{terao2011,
  title={Finite-difference frequency-domain method to study photonic crystals with dispersive metamaterials},
  author={Terao, Takamichi},
  journal={Japanese Journal of Applied Physics},
  volume={50},
  number={10},
  pages={2204},
  year={2011}
}
/*}}}*/
%  -- Homogenisation and Fresnel inversion --/*{{{*/

%% review of restoration methods ("standard method, field averaging, quasimode theory, wave phenomena"), presents the WPRM (Wave Propagation Retrieval Method)
@inproceedings{andryieuski2010homogenization,
  title={Homogenization of metamaterials: Parameters retrieval methods and intrinsic problems},
  author={Andryieuski, Andrei and Malureanu, Radu and Lavrinenko, Andrei V},
  booktitle={Transparent Optical Networks (ICTON), 2010 12th International Conference on},
  pages={1--5},
  year={2010},
  organization={IEEE}
}
@article{chen2004robust,
  title={Robust method to retrieve the constitutive effective parameters of metamaterials},
  author={Chen, Xudong and Grzegorczyk, Tomasz M and Wu, Bae-Ian and Pacheco Jr, Joe and Kong, Jin Au},
  journal={Physical Review E},
  volume={70},
  number={1},
  pages={016608},
  year={2004},
  publisher={APS}
}
% Li 2009
% Rockstuhl 2008
@article{yang2010retrieving,
  title={Retrieving the effective parameters of metamaterials from the single interface scattering problem},
  author={Yang, Jianji and Sauvan, Christophe and Paul, T and Rockstuhl, C and Lederer, F and Lalanne, Philippe},
  journal={Applied Physics Letters},
  volume={97},
  number={6},
  pages={061102},
  year={2010},
  publisher={AIP Publishing}
}
@article{menzel2008retrieving,
  title={Retrieving effective parameters for metamaterials at oblique incidence},
  author={Menzel, Christoph and Rockstuhl, Carsten and Paul, Thomas and Lederer, Falk and Pertsch, Thomas},
  journal={Physical Review B},
  volume={77},
  number={19},
  pages={195328},
  year={2008},
  publisher={APS}
}
%% TODO understand what this is about
@article{hasar2009new,
  title={A new microwave method based on transmission scattering parameter measurements for simultaneous broadband and stable permittivity and permeability determination},
  author={Hasar, Ugur Cem},
  journal={Progress In Electromagnetics Research},
  volume={93},
  pages={161--176},
  year={2009},
  publisher={EMW Publishing}
}

%% TODO:
% Luukkonen, O.; Maslovski, Stanislav I. ; Tretyakov, S.A.
/*}}}*/
%  -- Current driven homogenisation --/*{{{*/
@article{markel2013current,
  title={Current-driven homogenization and effective medium parameters for finite samples},
  author={Markel, Vadim A and Tsukerman, Igor},
  journal={Physical Review B},
  volume={88},
  number={12},
  pages={125131},
  year={2013},
  publisher={APS}
}
% Tsukerman 2011 EffParam of metamaterial Rigorous Whithey interpolation
% Tsukerman 2011 Nonlocal homogenization metamaterials by 2interpolation
/*}}}*/
% TODO 
% Gibbons 2009 swissroll metamaterial
% -- combining Dielectric and Metal in 1D PhC --
% Contopaganos 1999 ELMG props of per ML of metal
% ZamudioLara 2006 Characterisation of metal diel PhCs

% % == Photonic crystals ==
% Yeh 1976 ELMG in periodic media Uses unfolded KOmega
% Zengerle 1987
%  -- PhC containing resonators (ad Monsoriu) --/*{{{*/
@article{laktionov2008,
  title={Mechanism of formation of band gaps in one-dimensional photonic quasi-crystals},
  author={Laktionov, AA and Merzlikin, AM and Vinogradov, AP},
  journal={Journal of Communications Technology and Electronics},
  volume={53},
  number={8},
  pages={890--894},
  year={2008},
  publisher={Springer}
}
% Monsoriu 2006 NonBragg PBG in 1D PhC
% Chan 2003 PBG from stack of PIM and NIM
% Jiang 2004 Props of 1D PhC containing SNG
% Kocaman Panoiu Zero order PBG in NIM PhC in near infrared
% LGWang 2004 Omnidirectional PBG of 1D PhC with SNG
% Liang 2003 Unusual narrow bands in LHM stack
% Panoiu 2006 ZeroN PBG in PhC superlattices
% YihangChen 2009 Unusual bands of 1D PhC containing SNG
% Chakrabati 2001 From effective response to PBG
% Aly 2012 Comparation of 1D diel and metal PhC



@article{plihal1991two,
  title={Two-dimensional photonic band structures},
  author={Plihal, M and Shambrook, A and Maradudin, AA and Sheng, Ping},
  journal={Optics Communications},
  volume={80},
  number={3},
  pages={199--204},
  year={1991},
  publisher={Elsevier}
}
@article{foteinopoulou2003negative,
  title={Negative refraction and left-handed behavior in two-dimensional photonic crystals},
  author={Foteinopoulou, S and Soukoulis, CM},
  journal={Physical Review B},
  volume={67},
  number={23},
  pages={235107},
  year={2003},
  publisher={APS}
}
/*}}}*/
% -- fishnets and EOT --/*{{{*/
@article{rockstuhl2008light,
  title={Light propagation in a fishnet metamaterial},
  author={Rockstuhl, Carsten and Menzel, Christoph and Paul, Thomas and Pertsch, Thomas and Lederer, Falk},
  journal={Physical Review B},
  volume={78},
  number={15},
  pages={155102},
  year={2008},
  publisher={APS}
}
/*}}}*/
% == Sources metamaterial other ==
% -- non-metamaterial, but related --/*{{{*/
%% nearly 10^4 citations
@article{veselago1968,
  title={The Electrodynamics of Substances with Simultaneously Negative Values of $\varepsilon$ and $\mu$},
  author={Veselago, Victor Georgievich},
  journal={Physics-Uspekhi},
  volume={10},
  number={4},
  pages={509--514},
  year={1968},
  publisher={Turpion Ltd}
}
/*}}}*/
% -- Dielectric metamaterials --/*{{{*/
@article{peng2007,
  title={Experimental observation of left-handed behavior in an array of standard dielectric resonators},
  author={Peng, Liang and Ran, Lixin and Chen, Hongsheng and Zhang, Haifei and Kong, Jin Au and Grzegorczyk, Tomasz M},
  journal={Phys. Rev. Lett.},
  volume={98},
  number={15},
  pages={157403},
  year={2007},
  publisher={APS}
}
@article{vynck2009,
  title={All-dielectric rod-type metamaterials at optical frequencies},
  author={Vynck, Kevin and Felbacq, Didier and Centeno, Emmanuel and C{\u{a}}buz, AI and Cassagne, David and Guizal, Brahim},
  journal={Phys. Rev. Lett.},
  volume={102},
  number={13},
  pages={133901},
  year={2009},
  publisher={APS}
}
@article{valdivia2012,
  title={Composites of resonant dielectric rods: A test of their behavior as metamaterial refractive elements},
  author={Valdivia-Valero, FJ and Nieto-Vesperinas, M},
  journal={Photonics and Nanostructures-Fundamentals and Applications},
  volume={10},
  number={4},
  pages={423--434},
  year={2012},
  publisher={Elsevier}
}
@article{shi2007,
  title={Effects induced by Mie resonance in two-dimensional photonic crystals},
  author={Shi, Lina and Jiang, Xunya and Li, Chengfang},
  journal={J. Phys.: Condens. Matter},
  volume={19},
  number={17},
  pages={176214},
  year={2007},
  publisher={IOP Publishing}
}

% perhaps answers the question of magnetic dipole moment not contributing to static permeability "mu ~ OMEGA*f / (omega**2-omega0**2)"
@article{felbacq2009,
  title={Resonant homogenization of a dielectric metamaterial},
  author={Felbacq, Didier and Guizal, Brahim and Bouchitte, G and Bourel, C},
  journal={Microw. Opt. Techn. Let.},
  volume={51},
  number={11},
  pages={2695--2701},
  year={2009},
  publisher={Wiley Online Library}
}

% Levin's model for permeability of sphere-composite; 
% experiment and simulation (in CST): BST cubes for negative permeability around 7 GHz
% wire array adds negative epsilon -> negative N'
% notes that LiTaO3 has epsilon_r=300 at 3 THz [Huang2004, Appl. Phys. Lett. 85, 543 ]
@article{zhao2008tunable,
  title={Tunable negative permeability in an isotropic dielectric composite},
  author={Zhao, Qian and Du, Bo and Kang, Lei and Zhao, Hongjie and Xie, Qin and Li, Bo and Zhang, Xing and Zhou, Ji and Li, Longtu and Meng, Yonggang},
  journal={Appl. Phys. Lett.},
  volume={92},
  number={5},
  pages={051106},
  year={2008},
  publisher={AIP Publishing}
}
% model of dependence of permittivity of ferroelectrics on temperature [Vendik_Zubko1997] 
% eps(-60 C) = 6500, eps(120 C) = 850
% tuning frequency from 14 GHz to 20 GHz upon 50 deg. temp change
@article{zhao2008experimental,
  title = {Experimental Demonstration of Isotropic Negative Permeability in a Three-Dimensional Dielectric Composite},
  author = {Zhao, Qian and Kang, Lei and Du, B. and Zhao, H. and Xie, Q. and Huang, X. and Li, B. and Zhou, J. and Li, L.},
  journal = {Phys. Rev. Lett.},
  volume = {101},
  issue = {2},
  pages = {027402},
  numpages = {4},
  year = {2008},
  month = {Jul},
  publisher = {American Physical Society},
  doi = {10.1103/PhysRevLett.101.027402},
  url = {http://link.aps.org/doi/10.1103/PhysRevLett.101.027402}
}
@article{zhao2009mie,
  title={Mie resonance-based dielectric metamaterials},
  author={Zhao, Qian and Zhou, Ji and Zhang, Fuli and Lippens, Didier},
  journal={Materials Today},
  volume={12},
  number={12},
  pages={60--69},
  year={2009},
  publisher={Elsevier}
}
@article{vendik2012tunable,
  title={Tunable metamaterials for controlling {THz} radiation},
  author={Vendik, Irina B and Vendik, Orest G and Odit, Mikhail A and Kholodnyak, Dmitry V and Zubko, Svetlana P and Sitnikova, Margarita F and Turalchuk, Pavel A and Zemlyakov, Kirill N and Munina, Irina V and Kozlov, Dmitry S and others},
  journal={Terahertz Science and Technology, IEEE Transactions on},
  volume={2},
  number={5},
  pages={538--549},
  year={2012},
  publisher={IEEE}
}

% Gombos 2013 metamaterial supra JAP  2013
% Choi 2011 THzmetamaterial with unnaturally high N
% OBrien 2002 PBG and magnetism in dielectric metamaterial
% Pawlak 2010 metamaterial by self organization
% SC
% Weiner Transmission through metallic slits

/*}}}*/
% -- fishnets and EOT --/*{{{*/
@article{rockstuhl2008light,
  title={Light propagation in a fishnet metamaterial},
  author={Rockstuhl, Carsten and Menzel, Christoph and Paul, Thomas and Pertsch, Thomas and Lederer, Falk},
  journal={Physical Review B},
  volume={78},
  number={15},
  pages={155102},
  year={2008},
  publisher={APS}
}
/*}}}*/
% Aleian 2012 Plasmonic Au SiO2 nanoparticles
% Cristian Kusko interesting simulated spectra
% dp fi of 11 pazoutova p
% Felbacq 2005 
% Felbacq 2005 Theory of mesoscopic magnetism in PC

-- nonresonant composites (1st band operation) /*{{{*/
@article{richter1995,
  title={Design considerations of form birefringent microstructures},
  author={Richter, Ivan and Sun, Pang-Chen and Xu, Fang and Fainman, Yeshayahu},
  journal={Applied optics},
  volume={34},
  number={14},
  pages={2421--2429},
  year={1995},
  publisher={Optical Society of America}
}
@article{kadlec2008,
  title={Materials with on-demand refractive indices in the terahertz range},
  author={Kadlec, Christelle and Kadlec, Filip and Ku{\v{z}}el, Petr and Blary, Karine and Mounaix, Patrick},
  journal={Optics letters},
  volume={33},
  number={19},
  pages={2275--2277},
  year={2008},
  publisher={Optical Society of America}
}

lts.fzu.cz/pdf/d-js.pdf

/*}}}*/
% == Simulations ==
% -- FDTD and other numerical --/*{{{*/
@Article{johnson2001mpb,
  author =       {Johnson, Steven~G. and Joannopoulos, J.~D.},
  title =        {Block-iterative frequency-domain methods for Maxwell's equations in a planewave basis},
  journal =      {Opt. Express},
  year =         2001,
  volume =       8,
  number =       3,
  pages =        {173--190},
  url =  {http://www.opticsexpress.org/abstract.cfm?URI=OPEX-8-3-173 }
}
@article{oskooi2010meep,
  author = {Ardavan F. Oskooi and David Roundy and Mihai Ibanescu and Peter Bermel and J. D. Joannopoulos and Steven G. Johnson},
  title = {{MEEP}: A flexible free-software package for electromagnetic simulations by the {FDTD} method},
  journal = {Comput. Phys. Commun.},
  year = 2010,
  volume = 181,
  pages = {687--702},
  month = {January},
  doi = {doi:10.1016/j.cpc.2009.11.008},
  abstract = {This paper describes Meep, a popular free implementation of the finite-difference time-domain (FDTD) method for simulating electromagnetism. In particular, we focus on aspects of implementing a full-featured FDTD package that go beyond standard textbook descriptions of the algorithm, or ways in which Meep differs from typical FDTD implementations. These include pervasive interpolation and accurate modeling of subpixel features, advanced signal processing, support for nonlinear materials via Pad{\'{e}} approximants, and flexible scripting capabilities.}
}
@article{farjadpour2006improving,
  title={Improving accuracy by subpixel smoothing in the finite-difference time domain},
  author={Farjadpour, Ardavan and Roundy, David and Rodriguez, Alejandro and Ibanescu, Mihai and Bermel, Peter and Joannopoulos, JD and Johnson, Steven G and Burr, GW},
  journal={Optics Letters},
  volume={31},
  number={20},
  pages={2972--2974},
  year={2006},
  publisher={Optical Society of America}
}
@article{oskooi2009subpixel,
  author = {Ardavan F. Oskooi and Chris Kottke and Steven G. Johnson},
  title = {Accurate finite-difference time-domain simulation of anisotropic media by subpixel smoothing},
  journal = {Opt. Lett.},
  year = 2009,
  volume = 34,
  pages = {2778--2780},
  month = {September},
  url = {http://www.opticsinfobase.org/ol/abstract.cfm?URI=ol-34-18-2778},
  abstract = {Finite-difference time-domain methods suffer from reduced accuracy when discretizing discontinuous materials. We previously showed that accuracy can be significantly improved by using subpixel smoothing of the isotropic dielectric function, but only if the smoothing scheme is properly designed. Using recent developments in perturbation theory that were applied to spectral methods, we extend this idea to anisotropic media and demonstrate that the generalized smoothing consistently reduces the errors and even attains second-order convergence with resolution.}
}
@article{zivanovic1991subgridding,
  title={A subgridding method for the time-domain finite-difference method to solve Maxwell's equations},
  author={Zivanovic, Svetlana S and Yee, Kane S and Mei, Kenneth K},
  journal={Microwave Theory and Techniques, IEEE Transactions on},
  volume={39},
  number={3},
  pages={471--479},
  year={1991},
  publisher={IEEE}
}
@article{yee1966numerical,
  title={Numerical solution of initial boundary value problems involving Maxwell’s equations in isotropic media},
  author={Yee, Kane S and others},
  journal={IEEE Trans. Antennas Propag},
  volume={14},
  number={3},
  pages={302--307},
  year={1966}
}
@article{pendry1992_transfer_matrix,
  title={Calculation of photon dispersion relations},
  author={Pendry, JB and MacKinnon, A},
  journal={Phys. Rev. Lett.},
  volume={69},
  pages={2772--2775},
  year={1992}
}

@misc{dominec2014_meep_metamaterials,
	author = {Dominec, Filip},
	title = {MEEP metamaterial simulation scripts, \textit{https://github.com/FilipDominec/meep\_metamaterials}, last visited {M}ay 2014},
	howpublished ={Online},
}

@article{taflove2005book,
  title={Computational Electrodynamics: The Finite-Difference Time-Domain Method (Artech House, 2005)},
  author={Taflove, A and Hagness, SC},
  journal={Artech House, Norwood, MA}
}

% TODO READ THIS;    denoted as ../Taflove-Oskooi-Johnson2013_Advances_in_FDTD_pp65-99.pdf
@article{oskooi2013electromagnetic,
  title={Electromagnetic wave source conditions},
  author={Oskooi, Ardavan and Johnson, Steven G},
  journal={arXiv preprint arXiv:1301.5366},
  year={2013}
}

@article{hamm2013dispersive,
  title={Dispersive Media Subcell Averaging in the FDTD Method using Corrective Surface Currents},
  author={Hamm, Joachim and Renn, Fabian and Hess, Ortwin},
  year={2013},
  publisher={IEEE}
}
@article{deinega2007subpixel,
  title={Subpixel smoothing for conductive and dispersive media in the finite-difference time-domain method},
  author={Deinega, Alexei and Valuev, Ilya},
  journal={Optics letters},
  volume={32},
  number={23},
  pages={3429--3431},
  year={2007},
  publisher={Optical Society of America}
}
/*}}}*/

% -- Filter diagonalisation (todo) --/*{{{*/
% Chen 2000 FDMmaster
% Chen 2000 FDM PhDThesisProposal
% KathleenFDM
% Mandelshtam 2000 FDM
/*}}}*/

% -- Material permittivity --/*{{{*/
@book{klingshirn2007semiconductor,
  title={Semiconductor optics},
  author={Klingshirn, Claus F},
  volume={3},
  year={2007},
  publisher={Springer}
}
%\cite[p. 119]{klingshirn2007semiconductor} %% spatial dispersion - dispersion curves
%\cite[p. 183]{klingshirn2007semiconductor} %% IFC in 3d plot in space (for electrons, but this does not matter)
%\cite[pp. 431--451]{klingshirn2007semiconductor} %% "From Cavity Polaritons to Photonic Crystals"

@article{dresselhaus1966optical,
  title={Optical properties of solids},
  author={Dresselhaus, MS},
  journal={Proc. of Int. School of Phys.“Enrico Fermi},
  pages={243},
  year={1966}
}

@article{alves2013_epsilon_PbTe,		
  title={Lattice contribution to the high dielectric constant of PbTe},
  author={Alves, HW Leite and Neto, ARR and Scolfaro, LMR and Myers, TH and Borges, PD},
  journal={Phys. Rev. B},
  volume={87},
  number={11},
  pages={115204},
  year={2013},
  publisher={APS}
} 
 % title={Plasmon and polar optical phonons in reduced rutile {TiO}$_{2-x}$},
 % author={Baumard, Jean-Fran{\c{c}}ois and Gervais, Fran{\c{c}}ois},
@article{baumard1977_epsilon_TiO2, 
  title={Plasmon and polar optical phonons in reduced rutile {TiO(2-x)}},
  author={Baumard, Jean-Fran{\c{c}}ois and Gervais, Fran{\c{c}}ois},
  journal={Phys. Review B},
  volume={15},
  number={4},
  pages={2316},
  year={1977},
  publisher={APS}
}
% Baumard 1977 Plasmon and polar optical phonons in TiO2
% Gonzalez 1997 TiO2 anatase
% Handbook of optics v2ch33
% Kitamura 2007 SiO2 spectra UV FIR
% Leng 1998
% Loewenstein 1973 FIR properties silica sapphire silicon germanium
% Nikolic 2002 FeS2 spectra 5 16THz
% Spitzer 1957 Doped Si infrared
% Strauch 1989 GaAs phonon dispersion
% TiO2 od Vitka  41d 46s28d11

%    Al2O3   
% Grischowsky 1990
% Grischowsky 2007
% Schubert 1999 IR phonon modes of sapphire
% Tydex THz Materials

%    STO   
% Neville 1972 Permittivity of STO
%/*}}}*/


% % == Theory - printed in Autumn 2014 ==
% -- EBD theory and nonlocal electrodynamics --/*{{{*/
@inbook{krowne2007book_agran,
  author={V. M. Agranovich and Yu. N. Gartstein},
  title={Physics of negative refraction and negative index materials: optical and electronic aspects and diversified approaches},
  chapter={Spatial Dispersion, Polaritons, and Negative Refraction}, 
  editor={Krowne, Clifford M and Zhang, Yong},
  volume={98},
  year={2007},
  publisher={Springer}
}


@book{landau1984electrodynamics,
  title={Electrodynamics of continuous media},
  author={Landau, Lev Davidovich and Bell, JS and Kearsley, MJ and Pitaevskii, LP and Lifshitz, EM and Sykes, JB},
  volume={8},
  year={1984},
  pages = 359,
  publisher={Elsevier}
}

@article{agranovich2006spatial,
  title={Spatial dispersion and negative refraction of light},
  author={Agranovich, Vladimir M and Gartstein, Yu N},
  journal={Physics-Uspekhi},
  volume={49},
  number={10},
  pages={1029},
  year={2006},
  publisher={IOP Publishing}
}

@article{mikki2009electromagnetic,
  title={Electromagnetic wave propagation in nonlocal media: Negative group velocity and beyond},
  author={Mikki, Said M and Kishk, Ahmed A},
  journal={Progress In Electromagnetics Research B},
  volume={14},
  pages={149--174},
  year={2009},
  publisher={EMW Publishing}
}

@article{vinogradov2002form,
  title={On the form of constitutive equations in electrodynamics},
  author={Vinogradov, Aleksei P},
  journal={Physics-Uspekhi},
  volume={45},
  number={3},
  pages={331},
  year={2002},
  publisher={IOP Publishing}
}

@article{golubkov1995boundary,
  title={Boundary conditions for electromagnetic field on the surface of media with weak spatial dispersion},
  author={Golubkov, Andrei Aleksandrovich and Makarov, Vladimir Anatol'evich},
  journal={Physics-Uspekhi},
  volume={38},
  number={3},
  pages={325--332},
  year={1995},
  publisher={Turpion Ltd}
}

@article{agranovich2004linear,
  title={Linear and nonlinear wave propagation in negative refraction metamaterials},
  author={Agranovich, VM and Shen, YR and Baughman, RH and Zakhidov, AA},
  journal={Physical Review B},
  volume={69},
  number={16},
  pages={165112},
  year={2004},
  publisher={APS}
}

@article{agranovich1962crystal,
  title={Crystal optics with allowance for spatial dispersion; exciton theory},
  author={Agranovich, Vladimir M and Ginzburg, Vitalii L},
  journal={Soviet Physics Uspekhi},
  volume={5},
  number={2},
  pages={323},
  year={1962},
  publisher={IOP Publishing}
}
/*}}}*/

% -- Homogenisation of nonlocal media such as wires --/*{{{*/
@inbook{capolino2009nefedov,
  title={Theory and phenomena of metamaterials},
  chapter={15. Wire media}, 
  author={Nefedov, I. F. and Viitanen, A. J.},
  editor={Capolino, Filippo},
  year={2009},
  publisher={CRC Press}
}
@article{silveirinha2007metamaterial,
  title={Metamaterial homogenization approach with application to the characterization of microstructured composites with negative parameters},
  author={Silveirinha, M{\'a}rio G},
  journal={Physical Review B},
  volume={75},
  number={11},
  pages={115104},
  year={2007},
  publisher={APS}
}

@article{belov2003strong,
  title={Strong spatial dispersion in wire media in the very large wavelength limit},
  author={Belov, PA and Marques, R and Maslovski, SI and Nefedov, IS and Silveirinha, M and Simovski, CR and Tretyakov, SA},
  journal={Physical Review B},
  volume={67},
  number={11},
  pages={113103},
  year={2003},
  publisher={APS}
}

@article{belov2002dispersion,
  title={Dispersion and reflection properties of artificial media formed by regular lattices of ideally conducting wires},
  author={Belov, PA and Tretyakov, SA and Viitanen, AJ},
  journal={Journal of electromagnetic waves and applications},
  volume={16},
  number={8},
  pages={1153--1170},
  year={2002},
  publisher={Taylor \& Francis}
}

@article{lindell2001bw,
  title={BW media—Media with negative parameters, capable of supporting backward waves},
  author={Lindell, Ismo V and Tretyakov, SA and Nikoskinen, KI and Ilvonen, S},
  journal={Microwave and Optical Technology Letters},
  volume={31},
  number={2},
  pages={129--133},
  year={2001},
  publisher={Wiley Online Library}
}

@article{silveirinha2005homogenization,
  title={Homogenization of 3-D-connected and nonconnected wire metamaterials},
  author={Silveirinha, M{\'a}rio G and Fernandes, Carlos A},
  journal={Microwave Theory and Techniques, IEEE Transactions on},
  volume={53},
  number={4},
  pages={1418--1430},
  year={2005},
  publisher={IEEE}
}



/*}}}*/

% -- Homogenisation issues - response to our paper from OpEx --/*{{{*/
@article{rockstuhl2008transition,
  title={Transition from thin-film to bulk properties of metamaterials},
  author={Rockstuhl, Carsten and Paul, Thomas and Lederer, Falk and Pertsch, Thomas and Zentgraf, Thomas and Meyrath, Todd P and Giessen, Harald},
  journal={Physical Review B},
  volume={77},
  number={3},
  pages={035126},
  year={2008},
  publisher={APS}
}

@article{paul2011reflection,
  title={Reflection and transmission of light at periodic layered metamaterial films},
  author={Paul, Thomas and Menzel, Christoph and {\'S}migaj, Wojciech and Rockstuhl, Carsten and Lalanne, Philippe and Lederer, Falk},
  journal={Physical Review B},
  volume={84},
  number={11},
  pages={115142},
  year={2011},
  publisher={APS}
}

@article{andryieuski2012bloch,
  title={Bloch-mode analysis for retrieving effective parameters of metamaterials},
  author={Andryieuski, Andrei and Ha, Sangwoo and Sukhorukov, Andrey A and Kivshar, Yuri S and Lavrinenko, Andrei V},
  journal={Physical Review B},
  volume={86},
  number={3},
  pages={035127},
  year={2012},
  publisher={APS}
}


@article{andryieuski2010homogenization,
  title={Homogenization of resonant chiral metamaterials},
  author={Andryieuski, Andrei and Menzel, Christoph and Rockstuhl, Carsten and Malureanu, Radu and Lederer, Falk and Lavrinenko, Andrei},
  journal={Physical Review B},
  volume={82},
  number={23},
  pages={235107},
  year={2010},
  publisher={APS}
}

@article{simovski2007bloch,
  title={Bloch material parameters of magneto-dielectric metamaterials and the concept of Bloch lattices},
  author={Simovski, Constantin R},
  journal={Metamaterials},
  volume={1},
  number={2},
  pages={62--80},
  year={2007},
  publisher={Elsevier}
}

@article{simovski2009material,
  title={Material parameters of metamaterials (a review)},
  author={Simovski, C R},
  journal={Optics and Spectroscopy},
  volume={107},
  number={5},
  pages={726--753},
  year={2009},
  publisher={Springer}
}

@article{simovski2011electromagnetic,
  title={On electromagnetic characterization and homogenization of nanostructured metamaterials},
  author={Simovski, Constantin R},
  journal={Journal of Optics},
  volume={13},
  number={1},
  pages={013001},
  year={2011},
  publisher={IOP Publishing}
}

@article{mortensen2010unambiguous,
  title={On the unambiguous determination of effective optical properties of periodic metamaterials: a one-dimensional case study},
  author={Mortensen, Niels Asger and Yan, Min and Sigmund, Ole and Breinbjerg, Olav},
  journal={Journal of the European Optical Society-Rapid publications},
  volume={5},
  year={2010}
}

/*}}}*/

% -- Kramers-Kronig relations in nonlocal medium --/*{{{*/
@article{skettrup1970kramers,
  title={Kramers-Kronig analysis of exciton spectra in case of spatial resonance dispersion},
  author={Skettrup, T},
  journal={Phys. stat. solid. (b)},
  volume={42},
  number={2},
  pages={813--819},
  year={1970},
  publisher={Wiley Online Library}
}

@article{kirzhnitz1976,
  title={},
  author={},
  journal={Physics-Uspekhi},
  volume={119},
  number={2},
  pages={357--369},
  year={1976},
}

@article{melrose1977generalised,
  title={Generalised Kramers-Kronig formula for spatially dispersive media},
  author={Melrose, DB and Stoneham, RJ},
  journal={Journal of Physics A: Mathematical and General},
  volume={10},
  number={1},
  pages={L17},
  year={1977},
  publisher={IOP Publishing}
}

@article{sun1989kramers,
  title={Kramers-Kronig relations in media with spatial dispersion},
  author={Sun, Jian Geng and Puri, Ashok},
  journal={Optics communications},
  volume={70},
  number={1},
  pages={33--37},
  year={1989},
  publisher={Elsevier}
}

@article{rozanov2003,
  title={On dispersion relations for optical media with spatial dispersion},
  author={Rozanov, N. N.},
  journal={Optics and Spectroscopy},
  volume={97},
  number={2},
  pages={297--298},
  year={2004},
}

@article{bruleanalysis,
  title={Analysis of generalized Kramers-Kronig relations extended to electromagnetic spatially dispersive media},
  author={Br{\^u}l{\'e}, Yoann and Dem{\'e}sy, Guillaume and Gralak, Boris},
  url={http://cmd25jmc14.sciencesconf.org/},
  year=2014,
}

@article{makarov2013kramers,
  title={On the Kramers-Kronig relation with account of spatial dispersion},
  author={Makarov, VP and Rukhadze, AA},
  journal={Problems of atomic science and technology},
  number={4},
  pages={53--55},
  year={2013},
  publisher={Kharkov Inst Physics \& Technology}
}
/*}}}*/

% -- x --/*{{{*/
/*}}}*/

